%% This BibTeX bibliography file was created using BibDesk.
%% http://bibdesk.sourceforge.net/


%% Created for Glen Hunt at 2010-12-08 09:38:41 -0700 


%% Saved with string encoding Unicode (UTF-8) 



@article{Thiebaux:2003ys,
	Author = {Sylvie Thi{\'e}baux and J{\"o}rg Hoffmann and Bernhard Nebel},
	Journal = {Artificial Intelligence},
	Pages = {961-968},
	Title = {In Defense of PDDL Axioms},
	Volume = {18},
	Year = {2003}}

@article{Blum:1997vn,
	Author = {A.L. Blum and M.L. Furst},
	Journal = {Artificial Intelligence},
	Number = {1-2},
	Pages = {279-298},
	Title = {Fast planning through planning graph analysis},
	Volume = {90},
	Year = {1997}}

@article{Bylander:1994kx,
	Author = {T. Bylander},
	Journal = {Artificial Intelligence},
	Number = {1-2},
	Pages = {165-204},
	Title = {The Computational Complexity of propositional STRIPS planning},
	Volume = {69},
	Year = {1994}}

@inproceedings{Bonet:1997uq,
	Author = {B Bonet and G Loernics and H Geffner},
	Booktitle = {AAAI-97},
	Pages = {714-719},
	Publisher = {MIT Press},
	Title = {A Robust and Fast Action Selection Mechanism for Planning},
	Year = {1997}}

@article{Hoffmann:2001fk,
	Author = {J{\"o}rg Hoffmann},
	Journal = {AI Magazine},
	Number = {3},
	Pages = {57-62},
	Title = {FF: The Fast-Forward Planning System},
	Volume = {22},
	Year = {2001}}
