%% This BibTeX bibliography file was created using BibDesk.
%% http://bibdesk.sourceforge.net/


%% Created for Glen Hunt at 2010-12-08 05:56:03 -0700 


%% Saved with string encoding Unicode (UTF-8) 



@article{Hoffmann:2001fk,
	Author = {J{\"o}rg Hoffmann},
	Date-Added = {2010-12-08 05:55:00 -0700},
	Date-Modified = {2010-12-08 05:55:58 -0700},
	Journal = {AI Magazine},
	Number = {3},
	Pages = {57-62},
	Title = {FF: The Fast-Forward Planning System},
	Volume = {22},
	Year = {2001}}
